<record xmlns='http://www.loc.gov/MARC21/slim'><leader>02217cgm a2200433 a 4500</leader><controlfield tag='001'>4863726</controlfield><controlfield tag='005'>20141227162515.0</controlfield><controlfield tag='007'>vf|cbahou</controlfield><controlfield tag='008'>031014q19801989xx 064 e          vleng d</controlfield><datafield ind1=' ' ind2=' ' tag='035'><subfield code='a'>(OCoLC)64036327</subfield></datafield><datafield ind1=' ' ind2=' ' tag='035'><subfield code='a'>4863726</subfield></datafield><datafield ind1=' ' ind2=' ' tag='040'><subfield code='a'>NIC</subfield><subfield code='c'>NIC</subfield></datafield><datafield ind1='0' ind2='0' tag='245'><subfield code='a'>AS&amp;RC conference.</subfield><subfield code='n'>Tape 11</subfield><subfield code='h'>[videorecording] /</subfield><subfield code='c'>[Africana Studies and Research Center, Cornell University].</subfield></datafield><datafield ind1='3' ind2=' ' tag='246'><subfield code='a'>AS and RC conference.</subfield><subfield code='n'>Tape 11</subfield></datafield><datafield ind1='1' ind2='3' tag='246'><subfield code='a'>Africana Studies and Research Center conference.</subfield><subfield code='n'>Tape 11</subfield></datafield><datafield ind1=' ' ind2=' ' tag='260'><subfield code='c'>[Between 1980 and 1989?]</subfield></datafield><datafield ind1=' ' ind2=' ' tag='300'><subfield code='a'>1 videocassette (64 min.) :</subfield><subfield code='b'>sd., col. ;</subfield><subfield code='c'>1/2 in.</subfield></datafield><datafield ind1=' ' ind2=' ' tag='538'><subfield code='a'>VHS.</subfield></datafield><datafield ind1=' ' ind2=' ' tag='500'><subfield code='a'>Title from label on videocassette.</subfield></datafield><datafield ind1='0' ind2=' ' tag='511'><subfield code='a'>Presented by Delores M. Mortimer, Frank Scruggs, Hoyt Fuller, Michael Thelwell.</subfield></datafield><datafield ind1=' ' ind2=' ' tag='518'><subfield code='a'>Videotaped live at Africana Studies and Research Center, Cornell University.</subfield></datafield><datafield ind1=' ' ind2=' ' tag='520'><subfield code='a'>These graduates of the Africana Studies and Research Center, Cornell University relate the Center&apos;s role as an integral, interdisciplinary approach to education. Also discuss possible avenues of growth and development for the Center. Michael Thelwell lectures on modernist Black literature, as wll as its social, political implications.</subfield></datafield><datafield ind1=' ' ind2='0' tag='650'><subfield code='a'>African Americans</subfield><subfield code='x'>Study and teaching</subfield><subfield code='v'>Congresses.</subfield></datafield><datafield ind1='2' ind2='0' tag='610'><subfield code='a'>Cornell University</subfield><subfield code='b'>Africana Studies and Research Center</subfield><subfield code='v'>Congresses.</subfield></datafield><datafield ind1=' ' ind2='0' tag='650'><subfield code='a'>American literature</subfield><subfield code='x'>African American authors</subfield><subfield code='v'>Congresses.</subfield></datafield><datafield ind1=' ' ind2='0' tag='650'><subfield code='a'>Modernism (Literature)</subfield><subfield code='v'>Congresses.</subfield></datafield><datafield ind1='2' ind2='7' tag='610'><subfield code='a'>Cornell University.</subfield><subfield code='b'>Africana Studies and Research Center</subfield><subfield code='2'>fast</subfield><subfield code='0'>(OCoLC)fst00635721</subfield></datafield><datafield ind1=' ' ind2='7' tag='650'><subfield code='a'>African Americans</subfield><subfield code='x'>Study and teaching</subfield><subfield code='2'>fast</subfield><subfield code='0'>(OCoLC)fst00799707</subfield></datafield><datafield ind1=' ' ind2='7' tag='650'><subfield code='a'>American literature</subfield><subfield code='x'>African American authors</subfield><subfield code='2'>fast</subfield><subfield code='0'>(OCoLC)fst00807114</subfield></datafield><datafield ind1=' ' ind2='7' tag='650'><subfield code='a'>Modernism (Literature)</subfield><subfield code='2'>fast</subfield><subfield code='0'>(OCoLC)fst01024455</subfield></datafield><datafield ind1=' ' ind2='7' tag='655'><subfield code='a'>Conference proceedings</subfield><subfield code='2'>fast</subfield><subfield code='0'>(OCoLC)fst01423772</subfield></datafield><datafield ind1='1' ind2=' ' tag='700'><subfield code='a'>Mortimer, Delores M.</subfield></datafield><datafield ind1='1' ind2=' ' tag='700'><subfield code='a'>Scruggs, Frank.</subfield></datafield><datafield ind1='1' ind2=' ' tag='700'><subfield code='a'>Fuller, Hoyt.</subfield></datafield><datafield ind1='1' ind2=' ' tag='700'><subfield code='a'>Thelwell, Michael.</subfield></datafield><datafield ind1='2' ind2=' ' tag='710'><subfield code='a'>Cornell University.</subfield><subfield code='b'>Africana Studies and Research Center.</subfield></datafield><datafield ind1='1' ind2=' ' tag='948'><subfield code='a'>20031014</subfield><subfield code='b'>o</subfield><subfield code='d'>sok1</subfield><subfield code='e'>lts</subfield></datafield><datafield ind1='2' ind2=' ' tag='948'><subfield code='a'>20040603</subfield><subfield code='b'>a</subfield><subfield code='d'>pd36</subfield><subfield code='e'>lts</subfield><subfield code='f'>?</subfield><subfield code='h'>?</subfield></datafield><datafield ind1='2' ind2=' ' tag='948'><subfield code='a'>20141227</subfield><subfield code='b'>m</subfield><subfield code='d'>batch</subfield><subfield code='e'>lts</subfield><subfield code='x'>addfast</subfield></datafield></record>